@misc{Hilos1,
  author = {Charles Jackson},
  howpublished = "\url{https://techlandia.com/son-hilos-procesador-info_338189/}",
  year = {2020}, 
  note = "[Online; accessed 13-Julio-2020]"
}

@misc{usuario_kernel,
  author = {tecnoinf},
  howpublished = "\url{https://www.fing.edu.uy/tecnoinf/mvd/cursos/so/material/teo/so05-hilos.pdf}",
  year = {2020}, 
  note = "[Online; accessed 13-Julio-2020]"
}

@misc{Hilos2,
  author = {Wikipedia},
  howpublished = "\url{https://es.wikipedia.org/wiki/Hilo_(inform%C3%A1tica)#Implementaciones}",
  year = {2020}, 
  note = "[Online; accessed 13-Julio-2020]"
}

@misc{hardware,
  author = {El Espa√±ol},
  howpublished = "\url{https://www.elespanol.com/omicrono/tecnologia/20170707/nucleos-hilos-procesador-diferencian/229478224_0.html}",
  year = {2017}, 
  note = "[Online; accessed 13-Julio-2020]"
}

@misc{software,
  author = {Felipe Restrepo},
  howpublished = "\url{http://ferestrepoca.github.io/paradigmas-de-programacion/progconcurrente/concurrente_teoria/index.html}",
  year = {2020}, 
  note = "[Online; accessed 14-Julio-2020]"
}
