@misc{interrupciones,
  author = {Microcontroladores PIC},
  howpublished = "\url{http://microcontroladores-mrelberni.com/interrupciones-con-el-pic/}",
  year = {2020}, 
  note = "[Online; accessed 23-Julio-2020]"
}

@misc{polling,
  author = {Wikipedia},
  howpublished = "\url{https://es.wikipedia.org/wiki/Polling}",
  year = {2020}, 
  note = "[Online; accessed 23-Julio-2020]"
}

@misc{interrupciones2,
  author = {Controlautomaticoeducacion},
  howpublished = "\url{https://controlautomaticoeducacion.com/microcontroladores-pic/interrupciones/}",
  year = {2020}, 
  note = "[Online; accessed 23-Julio-2020]"
}

@misc{interrupciones3,
  author = {Yesenia Cetina},
  howpublished = "\url{https://es.slideshare.net/yesyduc10/interrupciones-115449020#:~:text=Se%20usan%20para%20la%20atenci%C3%B3n%20del%20perif%C3%A9rico.&text=NO%20ENMASCARABLES%3A%20El%20procesador%20no,DE%20INTERRUPCI%C3%93N%20EXTERNAS%20POR%20HARDWARE%3A&text=Significa%20que%2C%20bajo%20control%20del,enmascarar)%20la%20se%C3%B1al%20de%20interrupci%C3%B3n.}",
  year = {2020}, 
  note = "[Online; accessed 24-Julio-2020]"
}

@misc{estructura,
  author = {Facultad de informatica, UCM},
  howpublished = "\url{http://www.fdi.ucm.es/profesor/jjruz/WEB2/Temas/Curso05_06/EC9.pdf}",
  year = {2020}, 
  note = "[Online; accessed 24-Julio-2020]"
}

