@ARTICLE{LaGaceta,
 author = {José Ferreirós Domínguez},
 title = {Un episodio de la crisis de fundamentos: 1904},
 journal = {LA GACETA DE LA RSME},
 location = {Sevilla},
 pages = {449--467},
 numpages = {18},
 volume ={7.2},
 year = {2004}
 }

@misc{Wiki,
  author = {Wikipedia},
  title = {{Fundamentos de las matemáticas}},
  howpublished = "\url{https://es.wikipedia.org/wiki/Fundamentos_de_las_matemáticas}",
  year = {2020}, 
  note = "[Online; accessed 19-Marzo-2020]"
}

@misc{Wiki2,
  author = {Wikipedia},
  title = {{Entscheidungsproblem}},
  howpublished = "\url{https://es.wikipedia.org/wiki/Entscheidungsproblem}",
  year = {2020}, 
  note = "[Online; accessed 22-Marzo-2020]"
}

@misc{hilbert2,
  author = {Unknown},
  title = {{Aportaciones de David Hilbert}},
  howpublished = "\url{http://blogspotdh.blogspot.com/2014/11/aportaciones-de-david-hilbert.html}",
  year = {2014}, 
  note = "[Online; accessed 22-Marzo-2020]"
}

@misc{hilbert,
  author = {José Ferreirós},
  title = {{David Hilbert}},
  howpublished = "\url{https://virtual.uptc.edu.co/ova/estadistica/docs/autores/pag/mat/Hilbert-1.asp.htm}",
  year = {2014}, 
  note = "[Online; accessed 22-Marzo-2020]"
}

@article{mario,
author = {Mario O. González},
title = {{La crisis actual
de los fundamentos de la Matemática}},
journal = {
Revista Cubana de Filosofía},
location = {La Habana, Cuba},
volume = {1},
pages = {25--30},
numpages = {5},
year = {1950}
}

@article{incompletitud,
author = {Ricardo Da Silva},
title = {{Los teoremas de incompletitud de Gödel, teoría de conjuntos y el programa de David Hilbert}},
journal = {EPISTEME},
location = {caracas, Venezuela},
volume = {34},
year = {2014}
}

@misc{turing,
  author = {La VANGUARDIA},
  title = {{¿Qué aportó a la ciencia Alan Turing?}},
  howpublished = "\url{https://www.lavanguardia.com/historiayvida/historia-contemporanea/20180611/47312986353/que-aporto-a-la-ciencia-alan-turing.html}",
  year = {2018}, 
  note = "[Online; accessed 22-Marzo-2020]"
}